@inproceedings{ren2014convolutional,
  title={Convolutional deep belief networks for feature extraction of EEG signal},
  author={Ren, Yuanfang and Wu, Yan},
  booktitle={2014 International joint conference on neural networks (IJCNN)},
  pages={2850--2853},
  year={2014},
  organization={IEEE}
}

@article{wiatowski2017mathematical,
  title={A mathematical theory of deep convolutional neural networks for feature extraction},
  author={Wiatowski, Thomas and B{\"o}lcskei, Helmut},
  journal={IEEE Transactions on Information Theory},
  volume={64},
  number={3},
  pages={1845--1866},
  year={2017},
  publisher={IEEE}
}

@inproceedings{hershey2007approximating,
  title={Approximating the Kullback Leibler divergence between Gaussian mixture models},
  author={Hershey, John R and Olsen, Peder A},
  booktitle={2007 IEEE International Conference on Acoustics, Speech and Signal Processing-ICASSP'07},
  volume={4},
  pages={IV--317},
  year={2007},
  organization={IEEE}
}


@article{kim2012robust,
  title={Robust kernel density estimation},
  author={Kim, JooSeuk and Scott, Clayton D},
  journal={The Journal of Machine Learning Research},
  volume={13},
  number={1},
  pages={2529--2565},
  year={2012},
  publisher={JMLR. org}
}

@inproceedings{scholkopf1999support,
  title={Support vector method for novelty detection.},
  author={Sch{\"o}lkopf, Bernhard and Williamson, Robert C and Smola, Alexander J and Shawe-Taylor, John and Platt, John C and others},
  booktitle={NIPS},
  volume={12},
  pages={582--588},
  year={1999},
  organization={Citeseer}
}

@article{do2008multivariate,
  title={The multivariate Gaussian distribution},
  author={Do, Chuong B},
  journal={Section Notes, Lecture on Machine Learning, CS},
  volume={229},
  year={2008}
}


@inproceedings{emmott2013systematic,
  title={Systematic construction of anomaly detection benchmarks from real data},
  author={Emmott, Andrew F and Das, Shubhomoy and Dietterich, Thomas and Fern, Alan and Wong, Weng-Keen},
  booktitle={Proceedings of the ACM SIGKDD workshop on outlier detection and description},
  pages={16--21},
  year={2013}
}

@inproceedings{emmott2013systematic,
  title={Systematic construction of anomaly detection benchmarks from real data},
  author={Emmott, Andrew F and Das, Shubhomoy and Dietterich, Thomas and Fern, Alan and Wong, Weng-Keen},
  booktitle={Proceedings of the ACM SIGKDD workshop on outlier detection and description},
  pages={16--21},
  year={2013}
}

@article{tax2001uniform,
  title={Uniform object generation for optimizing one-class classifiers},
  author={Tax, David MJ and Duin, Robert PW},
  journal={Journal of machine learning research},
  volume={2},
  number={Dec},
  pages={155--173},
  year={2001}
}

@inproceedings{baskaya2017fault,
  title={Fault detection \& diagnosis for small UAVs via machine learning},
  author={Baskaya, Elgiz and Bronz, Murat and Delahaye, Daniel},
  booktitle={2017 IEEE/AIAA 36th Digital Avionics Systems Conference (DASC)},
  pages={1--6},
  year={2017},
  organization={IEEE}
}

@inproceedings{dahleni2019machine,
  title={Machine learning FDI approach to aircraft failures using SIVOR simulator},
  author={Dahleni Kraemer, Aline and Villani, Emilia},
  booktitle={AIAA Scitech 2019 Forum},
  pages={0986},
  year={2019}
}

@article{omran2019efficient,
  title={Efficient anomaly classification for spacecraft reaction wheels},
  author={Omran, Ehab A and Murtada, Wael A},
  journal={Neural Computing and Applications},
  volume={31},
  number={7},
  pages={2741--2747},
  year={2019},
  publisher={Springer}
}

@article{rahimi2020fault,
  title={Fault isolation of reaction wheels onboard three-axis controlled in-orbit satellite using ensemble machine learning},
  author={Rahimi, Afshin and Saadat, Atilla},
  journal={Aerospace Systems},
  pages={1--8},
  year={2020},
  publisher={Springer}
}

@article{ibrahim2018machine,
  title={Machine learning methods for spacecraft telemetry mining},
  author={Ibrahim, Sara K and Ahmed, Ayman and Zeidan, M Amal Eldin and Ziedan, Ibrahim E},
  journal={IEEE Transactions on Aerospace and Electronic Systems},
  volume={55},
  number={4},
  pages={1816--1827},
  year={2018},
  publisher={IEEE}
}

@article{pevny2016loda,
  title={Loda: Lightweight on-line detector of anomalies},
  author={Pevn{\`y}, Tom{\'a}{\v{s}}},
  journal={Machine Learning},
  volume={102},
  number={2},
  pages={275--304},
  year={2016},
  publisher={Springer}
}


@inproceedings{breunig2000lof,
  title={LOF: identifying density-based local outliers},
  author={Breunig, Markus M and Kriegel, Hans-Peter and Ng, Raymond T and Sander, J{\"o}rg},
  booktitle={Proceedings of the 2000 ACM SIGMOD international conference on Management of data},
  pages={93--104},
  year={2000}
}


@article{zhang2018adaptive,
  title={Adaptive kernel density-based anomaly detection for nonlinear systems},
  author={Zhang, Liangwei and Lin, Jing and Karim, Ramin},
  journal={Knowledge-Based Systems},
  volume={139},
  pages={50--63},
  year={2018},
  publisher={Elsevier}
}

@inproceedings{liu2008isolation,
  title={Isolation forest},
  author={Liu, Fei Tony and Ting, Kai Ming and Zhou, Zhi-Hua},
  booktitle={2008 eighth ieee international conference on data mining},
  pages={413--422},
  year={2008},
  organization={IEEE}
}

@article{ibrahim2020machine,
  title={Machine learning techniques for satellite fault diagnosis},
  author={Ibrahim, Sara K and Ahmed, Ayman and Zeidan, M Amal Eldin and Ziedan, Ibrahim E},
  journal={Ain Shams Engineering Journal},
  volume={11},
  number={1},
  pages={45--56},
  year={2020},
  publisher={Elsevier}
}

@article{maya2019dlstm,
  title={dLSTM: a new approach for anomaly detection using deep learning with delayed prediction},
  author={Maya, Shigeru and Ueno, Ken and Nishikawa, Takeichiro},
  journal={International Journal of Data Science and Analytics},
  volume={8},
  number={2},
  pages={137--164},
  year={2019},
  publisher={Springer}
}

@article{fukumizu2007statistical,
  title={Statistical Consistency of Kernel Canonical Correlation Analysis.},
  author={Fukumizu, Kenji and Bach, Francis R and Gretton, Arthur},
  journal={Journal of Machine Learning Research},
  volume={8},
  number={2},
  year={2007}
}

@article{do2008multivariate,
	title={The multivariate Gaussian distribution},
	author={Do, Chuong B},
	journal={Section Notes, Lecture on Machine Learning, CS},
	volume={229},
	year={2008}
}

@inproceedings{soule2005combining,
  title={Combining filtering and statistical methods for anomaly detection},
  author={Soule, Augustin and Salamatian, Kav{\'e} and Taft, Nina},
  booktitle={Proceedings of the 5th ACM SIGCOMM conference on Internet Measurement},
  pages={31--31},
  year={2005}
}

@article{tafazoli2009study,
  title={A study of on-orbit spacecraft failures},
  author={Tafazoli, Mak},
  journal={Acta Astronautica},
  volume={64},
  number={2-3},
  pages={195--205},
  year={2009},
  publisher={Elsevier}
}

@article{eskin2000anomaly,
  title={Anomaly detection over noisy data using learned probability distributions},
  author={Eskin, Eleazar},
  year={2000}
}


@article{jin2008fault,
  title={Fault tolerant control for satellites with four reaction wheels},
  author={Jin, Jaehyun and Ko, Sangho and Ryoo, Chang-Kyung},
  journal={Control Engineering Practice},
  volume={16},
  number={10},
  pages={1250--1258},
  year={2008},
  publisher={Elsevier}
}

@incollection{benesty2009pearson,
	title={Pearson correlation coefficient},
	author={Benesty, Jacob and Chen, Jingdong and Huang, Yiteng and Cohen, Israel},
	booktitle={Noise reduction in speech processing},
	pages={1--4},
	year={2009},
	publisher={Springer}
}

@book{wander2013innovative,
  title={Innovative fault detection, isolation and recovery strategies on-board spacecraft: state of the art and research challenges},
  author={Wander, Alexandra and F{\"o}rstner, Roger},
  year={2013},
  publisher={Deutsche Gesellschaft f{\"u}r Luft-und Raumfahrt-Lilienthal-Oberth eV}
}

@article{zha2020meta,
  title={Meta-AAD: Active Anomaly Detection with Deep Reinforcement Learning},
  author={Zha, Daochen and Lai, Kwei-Herng and Wan, Mingyang and Hu, Xia},
  journal={arXiv preprint arXiv:2009.07415},
  year={2020}
}

@article{carvajal2017agent,
  title={Agent-based algorithm for fault detection and recovery of gyroscope's drift in small satellite missions},
  author={Carvajal-Godinez, Johan and Guo, Jian and Gill, Eberhard},
  journal={Acta Astronautica},
  volume={139},
  pages={181--188},
  year={2017},
  publisher={Elsevier}
}


